% http://nschloe.blogspot.de/2009/06/bibtex-how-to-cite-website_21.html

@misc{dehogadef,
	Author = {DeHoGa--Bundesverband},
	Title = {Definitionen der Betriebsarten},
	Year = {2012},
	Howpublished = {online im Internet},
	note = {URL: "`http://www.dehoga-bundesverband.de/daten-fakten-trends/betriebsarten/"'; Stand 07.12.2012 }
}
% dehogadef
@online{gablerdint,
	Author = {{Gabler Verlag (Herausgeber)}},
	Title = {Gabler Wirtschaftslexikon, Stichwort: Datenintegration},
	Year = {2012},
	Howpublished = {online im Internet},
	URL = {http://wirtschaftslexikon.gabler.de/Archiv/74965/datenintegration-v5.html},
	note = {Stand 13.12.2012 }
}
% gablerdint
@online{gablerfint,
	Author = {{Gabler Verlag (Herausgeber)}},
	Title = {Gabler Wirtschaftslexikon, Stichwort: Funktionsintegration},
	Year = {2012},
	Howpublished = {online im Internet},
	URL = {http://wirtschaftslexikon.gabler.de/Archiv/74934/funktionsintegration-v5.html},
	note = {Stand 13.12.2012 }
}
% gablerfint
@online{gablersoa,
	Author = {{Gabler Verlag (Herausgeber)}},
	Title = {Gabler Wirtschaftslexikon, Stichwort: SOA},
	Year = {2012},
	Howpublished = {online im Internet},
	URL = {http://wirtschaftslexikon.gabler.de/Archiv/76895/soa-v5.html},
	note = {Stand 29.12.2012 }
}
% gablersoa
@online{dudenint,
	Author = {{Verlag Bibliographisches Institut GmbH (Herausgeber)}},
	Title = {Duden online, Stichwort: Integration},
	Year = {2012},
	Howpublished = {online im Internet},
	URL = {http://www.duden.de/rechtschreibung/Integration},
	note = {Stand 13.12.2012 }
}
% dudenint
@misc{cultuzz,
	Author = {{Cultuzz Digital Media GmbH}},
	Title = {Cultswitch Model},
	Year = {2012},
	Howpublished = {online im Internet},
	URL = {http://www.cultuzz.com/cultswitch-model},
	note = {Stand 27.12.2012 }
}
% cultuzz

@online{itwmiddle,
	Author = {{DATACOM Buchverlag GmbH (Herausgeber)}},
	Title = {ITWissen.info, Stichwort: Middleware},
	Year = {2012},
	Howpublished = {online im Internet},
	URL = {http://www.itwissen.info/definition/lexikon/Middleware-middleware.html},
	note = {Stand 29.12.2012 }
}
% itwmiddle

@BOOK{staud,
	AUTHOR = {Staud},
	YEAR = {2010},
	TITLE = {Konzepte Betrieblicher Anwendungssysteme},
	PUBLISHER = {AKAD. Die Privathochschulen GmbH},
	ADDRESS = {Stuttgart}
}
%staud
@BOOK{graeff,
	AUTHOR = {Gr"aff},
	YEAR = {2012},
	TITLE = {Betriebswirtschaftliche Standardsoftware und Enterprise Application
Integration (EAI), Begleitmaterial zum AKAD-Modul ANS09},
	PUBLISHER = {AKAD. Die Privathochschulen GmbH},
	ADDRESS = {Stuttgart}
}
%staud

@BOOK{goerlich,
	AUTHOR = {Goerlich},
	YEAR = {2008},
	TITLE = {Das Revenue--Management Buch},
	PUBLISHER = {Interhoga GmbH},
	ADDRESS = {Bonn}
}
%staud
